<?xml version="1.0" encoding="UTF-8"?><collection xmlns="http://www.loc.gov/MARC21/slim"><record><leader>00330nam--2200133-i-4500</leader><controlfield tag="001">000047256</controlfield><controlfield tag="002">20161230</controlfield><controlfield tag="005">20161230201046</controlfield><controlfield tag="008">060222s1000------------r-----000-0-eng-d</controlfield><datafield ind1=" " ind2=" " tag="080"><subfield code="a">621.3</subfield></datafield><datafield ind1=" " ind2=" " tag="100"><subfield code="a">Welsby, V.G</subfield></datafield><datafield ind1=" " ind2=" " tag="245"><subfield code="a">The theory and design of inductance colis</subfield></datafield><datafield ind1=" " ind2=" " tag="260"><subfield code="a">London, Mac Donald &amp; Co., 1950, 180p</subfield></datafield><datafield ind1=" " ind2=" " tag="852"><subfield code="a">707</subfield></datafield></record></collection>